<record xmlns="http://www.loc.gov/MARC21/slim">
   <leader>01182cam a2200313 i 4500</leader>
   <controlfield tag="001">1304554</controlfield>
   <controlfield tag="008">900727s1985    ilu               0 eng c</controlfield>
   <datafield ind1=" " ind2=" " tag="010">
      <subfield code="a">   82084716</subfield>
   </datafield>
   <datafield ind1=" " ind2=" " tag="020">
      <subfield code="a">0826907288</subfield>
   </datafield>
   <datafield ind1=" " ind2=" " tag="035">
      <subfield code="a">ocn974877860</subfield>
   </datafield>
   <datafield ind1=" " ind2=" " tag="040">
      <subfield code="b">eng</subfield>
   </datafield>
   <datafield ind1=" " ind2=" " tag="049">
      <subfield code="a">AEU</subfield>
      <subfield code="b">eng</subfield>
   </datafield>
   <datafield ind1=" " ind2="3" tag="055">
      <subfield code="a">TH 5604</subfield>
      <subfield code="b">K77 1985</subfield>
   </datafield>
   <datafield ind1="0" ind2="4" tag="082">
      <subfield code="a">694</subfield>
      <subfield code="2">19</subfield>
   </datafield>
   <datafield ind1=" " ind2=" " tag="090">
      <subfield code="a">TH 5604 K58 1985</subfield>
      <subfield code="b">AOAC</subfield>
   </datafield>
   <datafield ind1="0" ind2=" " tag="090">
      <subfield code="a">TH 5604 K77 1985</subfield>
   </datafield>
   <datafield ind1="1" ind2=" " tag="100">
      <subfield code="a">Koel, Leonard.</subfield>
   </datafield>
   <datafield ind1="1" ind2="0" tag="245">
      <subfield code="a">Carpentry /</subfield>
      <subfield code="c">Leonard Koel.</subfield>
   </datafield>
   <datafield ind1=" " ind2=" " tag="260">
      <subfield code="a">Homewood, Ill. :</subfield>
      <subfield code="b">American Technical Publishers,</subfield>
      <subfield code="c">c1985.</subfield>
   </datafield>
   <datafield ind1=" " ind2=" " tag="300">
      <subfield code="a">x, 721 p. :</subfield>
      <subfield code="b">ill. (some col.) ;</subfield>
      <subfield code="c">29 cm.</subfield>
   </datafield>
   <datafield ind1=" " ind2=" " tag="336">
      <subfield code="a">text</subfield>
      <subfield code="b">txt</subfield>
      <subfield code="2">rdacontent</subfield>
   </datafield>
   <datafield ind1=" " ind2=" " tag="337">
      <subfield code="a">unmediated</subfield>
      <subfield code="b">n</subfield>
      <subfield code="2">rdamedia</subfield>
   </datafield>
   <datafield ind1=" " ind2=" " tag="338">
      <subfield code="a">volume</subfield>
      <subfield code="b">nc</subfield>
      <subfield code="2">rdacarrier</subfield>
   </datafield>
   <datafield ind1=" " ind2=" " tag="500">
      <subfield code="a">Accompanied by Workbook [wkbk] and Instructor's guide [tch.gd.].</subfield>
   </datafield>
   <datafield ind1=" " ind2=" " tag="596">
      <subfield code="a">41</subfield>
   </datafield>
   <datafield ind1=" " ind2="0" tag="650">
      <subfield code="a">Carpentry.</subfield>
   </datafield>
   <datafield ind1=" " ind2=" " tag="926">
      <subfield code="a">TH 5604 K77 1985</subfield>
      <subfield code="w">LC</subfield>
      <subfield code="c">1</subfield>
      <subfield code="i">000033647314</subfield>
      <subfield code="d">10/28/1999</subfield>
      <subfield code="l">CURRICULUM</subfield>
      <subfield code="m">UAEDUC</subfield>
      <subfield code="n">10</subfield>
      <subfield code="p">$150.00</subfield>
      <subfield code="r">Y</subfield>
      <subfield code="s">Y</subfield>
      <subfield code="t">BOOK</subfield>
      <subfield code="u">8/23/1990</subfield>
   </datafield>
   <datafield ind1=" " ind2=" " tag="926">
      <subfield code="a">TH 5604 K77 1985 tch.gd.</subfield>
      <subfield code="w">LC</subfield>
      <subfield code="c">1</subfield>
      <subfield code="i">000033647389</subfield>
      <subfield code="d">10/28/1999</subfield>
      <subfield code="l">CURRICULUM</subfield>
      <subfield code="m">UAEDUC</subfield>
      <subfield code="n">3</subfield>
      <subfield code="p">$150.00</subfield>
      <subfield code="r">Y</subfield>
      <subfield code="s">Y</subfield>
      <subfield code="t">BOOK</subfield>
      <subfield code="u">8/23/1990</subfield>
   </datafield>
   <datafield ind1=" " ind2=" " tag="926">
      <subfield code="a">TH 5604 K77 1985 wkbk</subfield>
      <subfield code="w">LC</subfield>
      <subfield code="c">1</subfield>
      <subfield code="i">000033647405</subfield>
      <subfield code="d">10/28/1999</subfield>
      <subfield code="l">CURRICULUM</subfield>
      <subfield code="m">UAEDUC</subfield>
      <subfield code="n">3</subfield>
      <subfield code="p">$150.00</subfield>
      <subfield code="r">Y</subfield>
      <subfield code="s">Y</subfield>
      <subfield code="t">BOOK</subfield>
      <subfield code="u">8/23/1990</subfield>
   </datafield>
</record>
